<record><leader>00000cas a22000007a 4500</leader><controlfield tag="001">20926500</controlfield><controlfield tag="008">900119d18331834pauwr ne      0    0eng d</controlfield><datafield ind1=" " ind2=" " tag="010"><subfield code="a">sn 90069144 </subfield></datafield><datafield ind1=" " ind2=" " tag="040"><subfield code="a">NPH</subfield><subfield code="b">eng</subfield><subfield code="c">NPH</subfield><subfield code="d">OCLCQ</subfield></datafield><datafield ind1=" " ind2=" " tag="042"><subfield code="a">msc</subfield></datafield><datafield ind1="0" ind2="4" tag="245"><subfield code="a">The Waynesburg press, and Chester, Berks, and Lancaster advertiser.</subfield></datafield><datafield ind1="1" ind2="3" tag="246"><subfield code="a">Waynesburg press</subfield></datafield><datafield ind1=" " ind2=" " tag="260"><subfield code="a">Waynesburg, Pa. :</subfield><subfield code="b">Henry S. Evans &amp; William Jenkins,</subfield><subfield code="c">1833-1834.</subfield></datafield><datafield ind1=" " ind2=" " tag="300"><subfield code="a">v. ;</subfield><subfield code="c">48 cm.</subfield></datafield><datafield ind1=" " ind2=" " tag="310"><subfield code="a">Weekly</subfield></datafield><datafield ind1="0" ind2=" " tag="362"><subfield code="a">Vol. 1, no. 1 (Sept. 25, 1833)-v. 1, no. 36 (May 28, 1834).</subfield></datafield><datafield ind1=" " ind2=" " tag="752"><subfield code="a">United States</subfield><subfield code="b">Pennsylvania</subfield><subfield code="c">Chester</subfield><subfield code="d">Waynesburg.</subfield></datafield><datafield ind1=" " ind2=" " tag="752"><subfield code="a">United States</subfield><subfield code="b">Pennsylvania</subfield><subfield code="c">Chester</subfield><subfield code="d">Honeybrook.</subfield></datafield><datafield ind1="0" ind2="0" tag="785"><subfield code="t">American spectator and people's friend</subfield><subfield code="w">(DLC)sn 88079508</subfield></datafield></record>